<?xml version="1.0" encoding="UTF-8"?><collection xmlns="http://www.loc.gov/MARC21/slim"><record><leader>00478nam--2200181-i-4500</leader><controlfield tag="001">000044717</controlfield><controlfield tag="002">20161230</controlfield><controlfield tag="005">20161230201044</controlfield><controlfield tag="008">060222s1000------------r-----000-0-eng-d</controlfield><datafield ind1=" " ind2=" " tag="040"><subfield code="a">IFIN-HH</subfield></datafield><datafield ind1=" " ind2=" " tag="080"><subfield code="a">53</subfield></datafield><datafield ind1="1" ind2=" " tag="100"><subfield code="a">Thumm, Walter</subfield></datafield><datafield ind1="1" ind2="0" tag="245"><subfield code="a">Physics: a modern approach</subfield><subfield code="c">Walter thumm, donald e. tilley</subfield></datafield><datafield ind1=" " ind2=" " tag="260"><subfield code="a">Menlo Park, California</subfield><subfield code="b">Cummings Publ.Co</subfield><subfield code="c">1970</subfield></datafield><datafield ind1=" " ind2=" " tag="300"><subfield code="a">344P</subfield></datafield><datafield ind1="1" ind2=" " tag="700"><subfield code="a">Tilley, Donald E</subfield></datafield><datafield ind1=" " ind2=" " tag="852"><subfield code="a">36659</subfield><subfield code="c">53</subfield></datafield><datafield ind1=" " ind2=" " tag="CAT"><subfield code="a">Sys</subfield><subfield code="c">20150311</subfield><subfield code="h">123315</subfield></datafield></record></collection>